<record><leader>00000cas a2200000 a 4500</leader><controlfield tag="001">2868613</controlfield><controlfield tag="008">770407u1971uuuuwaumr ne      0   a0eng c</controlfield><datafield ind1=" " ind2=" " tag="010"><subfield code="a">sn 86091389 </subfield><subfield code="z">sc 77001292 </subfield></datafield><datafield ind1=" " ind2=" " tag="040"><subfield code="a">NSD</subfield><subfield code="b">eng</subfield><subfield code="c">NSD</subfield><subfield code="d">DLC</subfield><subfield code="d">OCL</subfield><subfield code="d">NSD</subfield><subfield code="d">DLC</subfield><subfield code="d">UNP</subfield><subfield code="d">SLZ</subfield><subfield code="d">NST</subfield><subfield code="d">ANU</subfield><subfield code="d">CNW</subfield><subfield code="d">NYS</subfield><subfield code="d">ORZ</subfield><subfield code="d">OCLCQ</subfield><subfield code="d">WAU</subfield><subfield code="d">NSD</subfield><subfield code="d">OCLCQ</subfield><subfield code="d">GBVCP</subfield><subfield code="d">OCLCQ</subfield><subfield code="d">OCLCO</subfield><subfield code="d">OCLCF</subfield><subfield code="d">OCLCA</subfield></datafield><datafield ind1=" " ind2=" " tag="012"><subfield code="a">2</subfield><subfield code="i">9204</subfield><subfield code="l">1</subfield></datafield><datafield ind1=" " ind2=" " tag="015"><subfield code="a">010624805</subfield><subfield code="2">dnb</subfield></datafield><datafield ind1="7" ind2=" " tag="016"><subfield code="a">90959-2</subfield><subfield code="2">DE-600</subfield></datafield><datafield ind1="0" ind2=" " tag="022"><subfield code="a">0146-1877</subfield><subfield code="l">0146-1877</subfield><subfield code="2">1</subfield></datafield><datafield ind1="1" ind2=" " tag="029"><subfield code="a">AU@</subfield><subfield code="b">000023126730</subfield></datafield><datafield ind1=" " ind2=" " tag="037"><subfield code="b">Indians into Communications Assoc., P.O. Box 4322, Pioneer Square Station, Seattle, WA 98104</subfield></datafield><datafield ind1=" " ind2=" " tag="042"><subfield code="a">nsdp</subfield><subfield code="a">pcc</subfield></datafield><datafield ind1=" " ind2=" " tag="043"><subfield code="a">n-us-wa</subfield><subfield code="a">n-cn---</subfield></datafield><datafield ind1=" " ind2="4" tag="050"><subfield code="a">E78.N77</subfield><subfield code="b">N6</subfield></datafield><datafield ind1="0" ind2=" " tag="130"><subfield code="a">Northwest Indian news (Seattle, Wash. : 1971)</subfield></datafield><datafield ind1=" " ind2="0" tag="222"><subfield code="a">Northwest Indian news</subfield><subfield code="b">(Seattle, Wash. : 1971)</subfield></datafield><datafield ind1="1" ind2="0" tag="245"><subfield code="a">Northwest Indian news.</subfield></datafield><datafield ind1=" " ind2=" " tag="260"><subfield code="a">Seattle, Wash. :</subfield><subfield code="b">Seattle Indian Center,</subfield><subfield code="c">1971-</subfield></datafield><datafield ind1=" " ind2=" " tag="300"><subfield code="a">v. :</subfield><subfield code="b">ill. ;</subfield><subfield code="c">44 cm.</subfield></datafield><datafield ind1=" " ind2=" " tag="310"><subfield code="a">Monthly</subfield></datafield><datafield ind1="0" ind2=" " tag="362"><subfield code="a">Vol. 1, no. 1 (June 1971)-</subfield></datafield><datafield ind1=" " ind2=" " tag="500"><subfield code="a">"By and for Seattle-area Indians." Cf. first issue.</subfield></datafield><datafield ind1=" " ind2=" " tag="500"><subfield code="a">"Sponsored by Seattle Indian Center, Seattle Indian Health Board, and Kinatechitapi Indian and Alaskan Native Services."</subfield></datafield><datafield ind1="4" ind2=" " tag="510"><subfield code="a">Danky, J.P. Native American periodicals and newspapers 1828-1982</subfield><subfield code="c">326-327</subfield></datafield><datafield ind1=" " ind2=" " tag="515"><subfield code="a">Suspended between Aug. and Dec. 1979.</subfield></datafield><datafield ind1=" " ind2=" " tag="525"><subfield code="a">American Indian poets supplement issued with Feb./Mar. 1972 issue.</subfield></datafield><datafield ind1=" " ind2=" " tag="530"><subfield code="a">Also issued on microfilm by Microfilming Corporation of America (Periodicals by and about the North American Indian).</subfield></datafield><datafield ind1=" " ind2=" " tag="550"><subfield code="a">Issued by: Seattle Indian Center, &lt;1971-1972&gt;; later issued by Indians into Communications Assoc.</subfield></datafield><datafield ind1=" " ind2=" " tag="588"><subfield code="a">Latest issue consulted: Mar. 1977.</subfield></datafield><datafield ind1=" " ind2="0" tag="650"><subfield code="a">Indians of North America</subfield><subfield code="z">Northwest, Pacific</subfield><subfield code="v">Newspapers.</subfield></datafield><datafield ind1=" " ind2="0" tag="651"><subfield code="a">Seattle (Wash.)</subfield><subfield code="v">Newspapers.</subfield></datafield><datafield ind1=" " ind2="0" tag="651"><subfield code="a">King County (Wash.)</subfield><subfield code="v">Newspapers.</subfield></datafield><datafield ind1=" " ind2="4" tag="655"><subfield code="a">Native American newspapers</subfield><subfield code="z">Washington (State)</subfield></datafield><datafield ind1=" " ind2="7" tag="655"><subfield code="a">Newspapers.</subfield><subfield code="2">fast</subfield><subfield code="0">(OCoLC)fst01423814</subfield></datafield><datafield ind1=" " ind2="7" tag="650"><subfield code="a">Indians of North America.</subfield><subfield code="2">fast</subfield><subfield code="0">(OCoLC)fst00969633</subfield></datafield><datafield ind1=" " ind2="7" tag="651"><subfield code="a">Pacific Northwest.</subfield><subfield code="2">fast</subfield><subfield code="0">(OCoLC)fst01242543</subfield></datafield><datafield ind1=" " ind2="7" tag="651"><subfield code="a">Washington (State)</subfield><subfield code="z">King County.</subfield><subfield code="2">fast</subfield><subfield code="0">(OCoLC)fst01206427</subfield></datafield><datafield ind1=" " ind2="7" tag="651"><subfield code="a">Washington (State)</subfield><subfield code="z">Seattle.</subfield><subfield code="2">fast</subfield><subfield code="0">(OCoLC)fst01204940</subfield></datafield><datafield ind1="2" ind2=" " tag="710"><subfield code="a">Indians into Communications Assoc.</subfield></datafield><datafield ind1="2" ind2=" " tag="710"><subfield code="a">Seattle Indian Center.</subfield></datafield><datafield ind1=" " ind2=" " tag="752"><subfield code="a">United States</subfield><subfield code="b">Washington</subfield><subfield code="c">King</subfield><subfield code="d">Seattle.</subfield></datafield><datafield ind1="0" ind2="0" tag="780"><subfield code="t">Indian center news</subfield><subfield code="w">(OCoLC)5057528</subfield></datafield><datafield ind1=" " ind2=" " tag="850"><subfield code="a">CSt</subfield></datafield><datafield ind1="2" ind2="0" tag="891"><subfield code="9">853</subfield><subfield code="8">1</subfield><subfield code="a">v.</subfield><subfield code="b">no.</subfield><subfield code="u">12</subfield><subfield code="v">r</subfield><subfield code="i">(year)</subfield><subfield code="j">(month)</subfield><subfield code="w">m</subfield></datafield><datafield ind1="4" ind2="1" tag="891"><subfield code="9">863</subfield><subfield code="8">1.1</subfield><subfield code="a">&lt;7&gt;</subfield><subfield code="b">&lt;10&gt;</subfield><subfield code="i">&lt;1978&gt;</subfield><subfield code="j">&lt;05&gt;</subfield></datafield></record>